@misc{goodfellow2014generative,
    title={Generative Adversarial Networks},
    author={Ian J. Goodfellow and Jean Pouget-Abadie and Mehdi Mirza and Bing Xu and David Warde-Farley and Sherjil Ozair and Aaron Courville and Yoshua Bengio},
    year={2014},
    eprint={1406.2661},
    archivePrefix={arXiv},
    primaryClass={stat.ML}
}

@article{kramer_1991,
    title={Nonlinear principal component analysis using autoassociative neural networks},
    volume={37}, DOI={10.1002/aic.690370209}, number={2}, journal={AIChE Journal},
    author={Kramer, Mark A.},
    year={1991},
    pages={233–243}}

@ARTICLE{Ryu2020,
    author={S. {Ryu} and H. {Choi} and H. {Lee} and H. {Kim}},
    journal={IEEE Transactions on Power Systems},
    title={Convolutional Autoencoder Based Feature Extraction and Clustering for Customer Load Analysis},
    year={2020},
    volume={35},
    number={2},
    pages={1048-1060},}


@book{foster_2019,
    place={Sebastopol, CA},
    title={Generative deep learning: teaching machines to paint, write, compose, and play},
    publisher={OReilly},
    author={Foster, David},
    year={2019},
    pages={74-75}}
    
@misc{kingma2013autoencoding,
    title={Auto-Encoding Variational Bayes},
    author={Diederik P Kingma and Max Welling},
    year={2013},
    eprint={1312.6114},
    archivePrefix={arXiv},
    primaryClass={stat.ML}
}

@misc{makhzani2015adversarial,
    title={Adversarial Autoencoders},
    author={Alireza Makhzani and Jonathon Shlens and Navdeep Jaitly and Ian Goodfellow and Brendan Frey},
    year={2015},
    eprint={1511.05644},
    archivePrefix={arXiv},
    primaryClass={cs.LG}
}
@misc{thanhtung2018catastrophic,
    title={On Catastrophic Forgetting and Mode Collapse in Generative Adversarial Networks},
    author={Hoang Thanh-Tung and Truyen Tran},
    year={2018},
    eprint={1807.04015},
    archivePrefix={arXiv},
    primaryClass={cs.LG}
}

@misc{larsen2015autoencoding,
    title={Autoencoding beyond pixels using a learned similarity metric},
    author={Anders Boesen Lindbo Larsen and Søren Kaae Sønderby and Hugo Larochelle and Ole Winther},
    year={2015},
    eprint={1512.09300},
    archivePrefix={arXiv},
    primaryClass={cs.LG}
}

@misc{zhu2017unpaired,
    title={Unpaired Image-to-Image Translation using Cycle-Consistent Adversarial Networks},
    author={Jun-Yan Zhu and Taesung Park and Phillip Isola and Alexei A. Efros},
    year={2017},
    eprint={1703.10593},
    archivePrefix={arXiv},
    primaryClass={cs.CV}
}

@misc{rakshit_2019,
    title={Anime Faces},
    url={https://www.kaggle.com/soumikrakshit/anime-faces},
    journal={Kaggle},
    author={Rakshit, Soumik},
    year={2019},
    month={May}}
    
@misc{arjovsky2017principled,
    title={Towards Principled Methods for Training Generative Adversarial Networks},
    author={Martin Arjovsky and Léon Bottou},
    year={2017},
    eprint={1701.04862},
    archivePrefix={arXiv},
    primaryClass={stat.ML}
}


@misc{lazarou_2020,
    title={GANs and Inefficient Mappings},
    url={https://towardsdatascience.com/gans-and-inefficient-mappings-f185fdd62a78},
    journal={Medium},
    publisher={Towards Data Science},
    author={Lazarou, Conor},
    year={2020},
    month={Jan}}
    
@misc{karras2018stylebased,
    title={A Style-Based Generator Architecture for Generative Adversarial Networks},
    author={Tero Karras and Samuli Laine and Timo Aila},
    year={2018},
    eprint={1812.04948},
    archivePrefix={arXiv},
    primaryClass={cs.NE}
}

@misc{brock2018large,
    title={Large Scale GAN Training for High Fidelity Natural Image Synthesis},
    author={Andrew Brock and Jeff Donahue and Karen Simonyan},
    year={2018},
    eprint={1809.11096},
    archivePrefix={arXiv},
    primaryClass={cs.LG}
}

@article{roth2017,
  author    = {Kevin Roth and
               Aur{\'{e}}lien Lucchi and
               Sebastian Nowozin and
               Thomas Hofmann},
  title     = {Stabilizing Training of Generative Adversarial Networks through Regularization},
  journal   = {CoRR},
  volume    = {abs/1705.09367},
  year      = {2017},
  url       = {http://arxiv.org/abs/1705.09367},
  archivePrefix = {arXiv},
  eprint    = {1705.09367},
  timestamp = {Mon, 13 Aug 2018 16:47:18 +0200},
  biburl    = {https://dblp.org/rec/journals/corr/RothLNH17.bib},
  bibsource = {dblp computer science bibliography, https://dblp.org}
}

@misc{arjovsky2017wasserstein,
    title={Wasserstein GAN},
    author={Martin Arjovsky and Soumith Chintala and Léon Bottou},
    year={2017},
    eprint={1701.07875},
    archivePrefix={arXiv},
    primaryClass={stat.ML}
}

@misc{karras2017progressive,
    title={Progressive Growing of GANs for Improved Quality, Stability, and Variation},
    author={Tero Karras and Timo Aila and Samuli Laine and Jaakko Lehtinen},
    year={2017},
    eprint={1710.10196},
    archivePrefix={arXiv},
    primaryClass={cs.NE}
}

@misc{mirza2014conditional,
    title={Conditional Generative Adversarial Nets},
    author={Mehdi Mirza and Simon Osindero},
    year={2014},
    eprint={1411.1784},
    archivePrefix={arXiv},
    primaryClass={cs.LG}
}